1939 3472
869 84 1140 201 (30)

291 236 428 311 tius
467 227 534 306 se
572 228 1064 331 constringere
1101 222 1353 321 solent,
1435 250 1576 330 prae
1621 223 1769 303 aliis

286 343 738 439 animalibuS,
779 338 1038 450 quibus
1081 341 1246 418 offa.
1366 336 1623 437 Qud,
1687 362 1771 417 ut

285 460 622 556 diximus,
686 454 1000 536 auricula
1079 456 1158 531 iis
1196 456 1564 533 communi
1605 481 1771 531 cum

283 598 482 652 aorta
552 569 961 651 membrana
998 568 1421 649 includatur.

418 714 441 758 a
483 723 542 764 ι.
584 691 794 763 Venas
820 708 1063 765 autem
1093 682 1184 762 ab
1212 693 1490 761 arteriis
1524 681 1775 763 distin-

264 820 503 909 guere
538 830 686 878 non
725 803 823 878 ita
855 798 1061 882 facile
1095 798 1232 887 est2
1313 796 1482 876 cum
1518 824 1762 906 utraeq3

285 915 579 1025 ipseque
660 915 923 995 humor
1027 913 1259 991 vitalis
1338 912 1768 1017 pelluceant.

285 1041 469 1113 Sunt
535 1058 777 1107 tamen
825 1028 1106 1137 aliquot
1153 1025 1410 1107 ducius
1441 1024 1482 1104 a
1521 1026 1777 1105 Corde

284 1149 455 1243 orti,
511 1174 600 1223 an
655 1142 931 1252 semper
969 1143 1199 1224 duum
1275 1171 1630 1249 generum
1699 1143 1776 1220 ὃς

285 1258 636 1366 paralleii,
699 1264 771 1337 δε
813 1287 966 1367 quo
1008 1255 1234 1366 usque
1276 1260 1374 1333 ita
1410 1318 1432 1354 ,
1508 1255 1771 1336 nescio³

291 1376 387 1451 Hi
429 1374 616 1450 linea
659 1371 1027 1481 diagonali
1070 1373 1161 1449 ab
1225 1368 1384 1479 ipso
1420 1371 1642 1449 corde
1681 1374 1774 1452 ad

282 1486 620 1566 foramen
651 1485 1060 1564 branchiale
1096 1484 1429 1567 feruntur
1470 1515 1490 1558 ε
1532 1485 1573 1565 ὲ
1615 1489 1777 1594 qui·

293 1601 425 1682 bus
464 1603 680 1678 etiam
712 1600 1005 1708 plurimi
1030 1598 1283 1680 ramuli
1318 1600 1408 1678 ad
1438 1600 1779 1681 dextram

292 1714 788 1824 sinistramque
839 1713 1157 1823 eleganti
1209 1716 1534 1823 quodam
1578 1717 1777 1796 ordi-

289 1858 389 1907 ne
447 1830 878 1937 procedunt,
937 1831 1013 1909 &
1051 1829 1142 1908 ad
1197 1827 1501 1907 limbum
1541 1858 1774 1939 quoq3

294 1944 765 2025 humerorum
821 1942 1136 2026 ereetum
1180 1943 1518 2024 tendunt.
1645 1955 1780 2022 At-

295 2086 441 2166 que
486 2058 562 2136 hi
594 2056 845 2137 ducias
892 2057 1087 2136 certe
1130 2061 1430 2138 Arteriae
1485 2057 1670 2156 sunt,
1728 2060 1782 2143 fi

292 2202 444 2249 non
511 2176 586 2252 &
642 2200 832 2251 venae
889 2202 1186 2281 quoque
1227 2172 1767 2251 descendentes,

290 2288 473 2365 Non
504 2291 766 2393 ignoro
809 2289 880 2363 in
925 2286 1224 2366 Piscibus
1295 2285 1453 2366 vasa
1498 2287 1781 2397 sangui-

290 2426 459 2478 nem
497 2401 586 2479 ad
620 2400 983 2480 branchias
1028 2405 1102 2480 &
1143 2399 1545 2480 deferentia
1583 2407 1658 2481 &
1689 2402 1772 2479 i!-

293 2511 446 2591 lum
478 2516 1229 2611 reducentia‚Artcrias
1259 2517 1427 2593 esse:
1463 2517 1601 2595 Sed
1640 2517 1784 2594 hoc

296 2624 675 2734 supposito
748 2631 817 2705 in
894 2631 1147 2711 nostro
1187 2626 1505 2727 animali,
1583 2634 1657 2709 8<
1696 2655 1779 2708 ut

295 2741 486 2820 recia
538 2742 579 2820 ἐι
622 2741 975 2822 branchiis
1012 2747 1104 2823 ad
1142 2766 1387 2850 caput,
1460 2743 1784 2854 indeque

296 2885 427 2963 per
505 2878 744 2934 totum
813 2886 1071 2963 corpus
1124 2858 1425 2937 vehatur
1462 2889 1479 2934 t
1570 2858 1780 2940 nihil-

296 2979 577 3055 ominus
601 3000 729 3079 per
767 2998 976 3050 venas
1016 2972 1305 3052 tandem
1347 2973 1437 3053 ad
1499 3004 1625 3054 cor
1668 3003 1777 3050 re-

1601 3088 1771 3165 duci
