1939 3472
698 86 744 198 <
789 114 872 196 a·
929 86 972 197 )

88 224 255 308 duci
295 221 539 304 debet.
662 227 759 301 Et
840 228 1005 304 cum
1069 221 1324 306 nullibi
1360 223 1565 307 Auri-

89 342 251 420 cula
290 336 560 418 temere
597 341 1023 434 inveniatur,
1063 336 1191 416 nifi
1213 369 1368 447 quae
1401 370 1568 421 cum

87 480 288 532 aorta
368 456 735 534 communi
798 453 1120 562 quodam
1187 455 1566 537 involucro

90 568 529 662 includatur,
570 568 684 644 hie
723 594 949 644 venas
1005 596 1304 677 quoque
1341 573 1412 647 in
1457 569 1564 649 so-

93 689 433 763 cietatem
507 683 777 761 itineris
817 682 1100 760 admitti
1141 681 1400 762 necesse
1437 689 1562 766 est.

90 796 318 875 Certe
354 795 581 905 qualis
626 797 708 874 fit
735 794 1053 876 recursus
1092 794 1448 903 sanguinis
1476 798 1567 878 ad

93 940 222 990 cor
258 941 409 990 non
463 915 564 988 ita
641 909 879 989 adhuc
910 910 1365 992 manifestum
1412 914 1507 995 est
1548 943 1567 989 ε

93 1025 277 1107 illud
352 1025 541 1104 adeo
597 1053 846 1104 verum
910 1024 1044 1122 est,
1113 1024 1323 1104 aliam
1361 1054 1573 1134 atque

93 1140 306 1219 aliam
383 1142 732 1218 rationem
798 1137 933 1216 effe
1001 1146 1075 1220 in
1148 1140 1574 1223 animalibus

95 1262 275 1336 circa
316 1251 497 1334 succi
534 1252 761 1331 vitalis
822 1253 964 1333 five
1000 1250 1353 1363 sanguinis
1418 1286 1574 1335 mo-

99 1394 279 1451 tum.
321 1374 554 1448 Aorta
576 1366 776 1467 vero,
814 1364 1111 1479 ejusque
1154 1370 1573 1478 ramuli,per

99 1506 335 1564 totam
361 1483 510 1561 fere
530 1483 1021 1563 membranam
1061 1481 1420 1564 dorsalem
1437 1486 1483 1564 d
1493 1483 1575 1563 is-

100 1621 517 1696 currenteS,
609 1600 682 1674 in
733 1599 1099 1707 quendam
1167 1598 1578 1678 Ventilabri

102 1715 408 1793 modum
492 1713 855 1820 eleganter
910 1710 1259 1820 dispositi,
1317 1715 1583 1793 Thecis

104 1827 312 1934 (sab.
363 1860 421 1907 t.
469 1829 703 1933 Fig.1.
741 1825 1079 1935 aaaaa)
1151 1824 1583 1937 quibusdam

106 1942 315 2051 supra
345 1945 638 2035 cirratiS,
712 1942 1235 2050 exasperantur.
1356 1954 1566 2044 Qat,

107 2080 189 2135 ut
225 2061 523 2165 opinor,
593 2056 635 2134 ὲ
674 2056 969 2165 piscium
1030 2059 1314 2137 radiatis
1370 2066 1580 2137 Bran-

106 2174 277 2266 chiis
330 2202 478 2251 non
552 2170 753 2251 aliter
830 2169 1117 2251 differre
1190 2175 1570 2270 videntur,

108 2287 325 2394 quam
366 2284 572 2394 quod
644 2288 771 2383 hae,
833 2285 1264 2367 membranae
1287 2287 1418 2368 suae
1458 2290 1585 2366 ad-

112 2401 298 2497 fixae,
340 2400 744 2480 immobiles
782 2399 965 2478 sunt.
1068 2399 1245 2505 Quo
1278 2400 1453 2480 vero
1487 2432 1588 2480 eae

112 2517 154 2595 ὲ
189 2517 412 2595 corde
448 2518 869 2595 remotiores
910 2514 1070 2613 fint,
1113 2512 1586 2627 propriusque

114 2631 205 2710 ad
252 2629 579 2710 foramen
619 2628 1029 2710 branchiale
1061 2633 1430 2728 accedant,
1494 2629 1606 2714 eo.

117 2749 336 2854 magis
377 2749 729 2844 eminent,
802 2743 1240 2856 fimbriisque
1274 2745 1593 2825 elatiori-

119 2857 248 2938 bus
338 2858 867 2964 exasperantur.
1018 2858 1100 2939 ld
1167 2861 1371 2969 quod
1434 2858 1590 2942 satis

123 2976 359 3085 arguit
445 3002 693 3059 earum
764 2972 966 3059 usum
1017 3002 1040 3067 3
1147 2974 1410 3059 scilicet
1498 2975 1591 3052 ad

1318 3087 1595 3197 spiritus
