1939 3472
687 58 729 167 <
783 84 870 167 ¹5
922 56 965 166 >

188 201 264 274 6.
306 193 428 273 Est
467 195 542 272 &
580 189 716 271 alia
747 221 1048 301 quoque
1081 195 1405 299 corporis
1440 223 1567 273 ex-

72 314 251 389 terni
327 339 514 417 parS,
578 311 652 387 in
700 310 1170 416 Domiportis
1228 306 1566 384 Cochleis

71 423 282 501 valde
327 421 706 512 notabilis3
768 450 929 531 quae
987 421 1242 516 scilicet
1296 418 1562 518 emeca,

68 536 271 615 velut
337 536 604 614 collare
664 537 1045 645 quoddam
1104 536 1558 643 cartilagino-

66 647 224 729 sum
294 649 642 758 pedisque
714 648 1117 730 substantiae
1194 650 1559 750 aemulum,

67 765 405 843 humeros
486 767 1005 872 circumcingit.
1149 764 1333 846 Illud
1385 795 1557 843 vero

64 908 301 960 earum
342 882 600 960 testam
637 909 733 958 ex
770 902 947 963 toto,
971 880 1267 968 claudit,
1309 880 1559 989 aerisq3

64 994 476 1102 ingressum,
554 993 833 1103 alia-que
894 1023 1052 1102 quae
1093 1018 1335 1072 cutem
1371 997 1559 1072 exti-

63 1138 256 1187 mam
291 1106 695 1203 offendant,
720 1106 1056 1216 prohibet
1092 1139 1111 1182 z
1175 1111 1245 1185 in
1288 1109 1557 1187 dextro

62 1219 274 1326 hujus
355 1219 557 1301 limbi
619 1220 837 1300 ereffl
903 1222 1177 1332 angulo
1229 1220 1553 1302 foramen

63 1336 496 1436 branchiale,
542 1334 752 1444 supra
793 1337 1421 1445 comprehensum,
1479 1369 1550 1416 a-

61 1454 358 1558 peritur.
464 1456 673 1531 'Item
780 1451 894 1533 hic
955 1450 1212 1533 limbus
1284 1456 1552 1531 circum

63 1568 248 1645 circa
301 1566 342 1643 ὲ
377 1569 557 1647 testa
585 1571 893 1649 omnino
922 1564 1196 1648 solutus
1232 1572 1337 1650 est
1376 1599 1396 1658 3
1474 1571 1549 1646 8(

60 1681 379 1790 quadam
446 1680 732 1787 insuper
806 1680 1304 1789 duplicatum,
1403 1681 1549 1762 five

59 1794 475 1874 membrana
514 1795 757 1904 aliqua
792 1794 954 1875 laxa
978 1797 1378 1876 antrorsum
1422 1799 1550 1875 de-

62 1909 419 2017 pendente
448 1912 786 1989 donatur.

174 2024 523 2106 Cucullus
585 2047 829 2106 autem
885 2027 1028 2110 five
1069 2025 1359 2135 plagula
1407 2025 1547 2105 sca-

59 2140 352 2247 pularis,
438 2139 646 2251 supra
687 2140 1021 2220 limacum
1064 2141 1354 2223 dorsum
1421 2172 1549 2222 ex-

57 2252 278 2352 tensa,
363 2253 572 2358 hujus
616 2255 820 2334 limbi
875 2255 1092 2335 erecti
1129 2254 1337 2336 usum
1376 2285 1550 2362 *prae-

58 2372 257 2451 stat-
346 2364 497 2471 ejus
566 2370 790 2449 altera
852 2375 927 2450 8<
1021 2375 1327 2451 anterior
1392 2400 1581 2478 parts.

54 2481 215 2562 laxa
259 2487 333 2563 ὃς
369 2483 608 2562 soluta
644 2488 774 2576 est,
840 2489 918 2566 &
951 2486 1439 2593 propendenti
1476 2490 1551 2564 in

60 2597 306 2677 collari
390 2601 821 2680 membranae
895 2601 1330 2708 respondet:
1411 2603 1554 2680 Ori

63 2714 435 2794 Limacum
514 2713 654 2793 sese
722 2716 1315 2798 contrahentium
1368 2744 1550 2826 quo-

62 2827 234 2908 dam
277 2826 713 2911 velamenta
766 2831 892 2915 est.

1254 3085 1324 3169 7.
1364 3058 1552 3141 Ulti—
